2644 3257
598 429 728 487 De
770 426 1128 507 Eunapii
1170 425 1451 487 codiee
1493 426 2068 494 Laurentiano,

420 732 480 771 De
522 730 696 779 Eunapii
739 729 924 768 Sardiani
969 728 1168 767 codicibus
1211 728 1415 777 disputare
1458 729 1629 780 perg0.*)

419 795 593 844 Codices,
623 795 687 844 qui
717 793 971 843 Eunapii
1001 793 1162 832 vitas
1197 793 1680 844 philosophorum
1710 798 1763 834 et
1794 795 2194 846 sophistarum
2223 795 2442 846 continent,

201 869 293 904 faut
322 863 456 903 collati
486 874 510 900 a
538 872 600 899 me
630 864 698 898 aut
727 859 896 908 inspecti
926 864 1015 897 suut
1046 859 1269 898 duodecim:

417 925 636 967 Vaticanus
661 920 745 969 140.
775 925 1009 963 chartaceus
1029 923 1070 962 iu
1090 928 1242 973 quarm,
1271 928 1315 963 ut
1344 924 1500 974 dicitur,
1529 925 1676 965 saeculi
1696 924 1772 964 XV
1793 925 1857 965 vel
1878 924 1984 964 XVI.
2041 925 2227 966 Continet
2246 925 2439 977 Diogenis

224 993 379 1033 Laertii
407 992 542 1040 libros,
570 989 806 1028 Philostrati
846 989 951 1028 vitas
981 988 1244 1037 sophistarum
1274 993 1316 1028 et
1352 989 1556 1038 epistulas,
1596 989 1767 1039 Eunapii
1798 990 1903 1029 vitas
1933 989 2012 1039 (fol.
2043 994 2120 1029 232
2150 1002 2181 1030 r.
2203 1012 2256 1016 —
2276 994 2354 1030 259
2376 990 2440 1042 v.),

224 1057 477 1106 Alciphronis
505 1055 708 1103 epistulas.
765 1054 941 1101 Paginae
971 1054 1084 1091 huius
1114 1053 1260 1091 codicis
1291 1054 1451 1092 madore
1481 1055 1539 1092 ita
1568 1060 1658 1093 sunt
1687 1055 1952 1103 decoloratae,
1987 1061 2027 1094 ut
2058 1056 2099 1094 in
2127 1068 2273 1105 magna
2300 1068 2439 1096 earum

222 1126 337 1173 parte
367 1133 415 1160 ne
443 1119 565 1158 litera
584 1118 741 1166 quidem
761 1118 921 1167 agnosci
951 1118 1084 1166 possit.
1128 1116 1197 1156 cfr.
1228 1117 1277 1156 de
1297 1129 1342 1157 eo
1364 1117 1526 1157 Hasium
1546 1118 1587 1157 in
1607 1118 1849 1158 Boissonade
1870 1119 1929 1158 ed.
1951 1120 2165 1160 Amstelod.
2185 1121 2310 1170 praef.
2330 1135 2366 1172 p.
2388 1122 2433 1161 V.

417 1183 705 1224 ottobonianus
726 1180 789 1227 46,
820 1183 1054 1221 chartas-eus
1083 1183 1123 1220 in
1152 1182 1245 1221 folio
1275 1183 1421 1221 saeculi
1443 1183 1517 1222 XV
1539 1184 1602 1223 vel
1623 1183 1730 1222 XVI.
1788 1183 1961 1233 Eunapii
1991 1185 2098 1223 vitae
2128 1185 2316 1235 leguntur
2344 1187 2436 1226 inde

224 1265 248 1291 a
275 1252 338 1290 fol.
372 1254 445 1288 143
479 1261 510 1287 r.
1002 1288 1005 1291 ,

416 1314 622 1354 Palatinus
652 1311 707 1355 51.
737 1314 971 1352 chartaceus
1002 1313 1041 1352 in
1072 1312 1166 1351 folio
1198 1313 1345 1352 saeculi
1374 1313 1481 1353 XVI.
1539 1313 1742 1362 Eunapius
1771 1315 1921 1363 legitur
1949 1314 2014 1353 fol.
2045 1318 2093 1353 57
2125 1327 2156 1354 r.
2179 1339 2231 1343 —
2255 1321 2327 1356 101
2359 1330 2393 1357 v.

416 1378 621 1419 Palatinus
651 1375 712 1425 53,
741 1378 975 1416 chartaceus
1005 1377 1045 1415 in
1075 1376 1168 1415 folio
1188 1377 1336 1416 saeculi
1356 1376 1462 1416 XVI.
1519 1377 1723 1427 Eunapius
1743 1379 1970 1418 continetur
1999 1379 2063 1418 fol.
2087 1383 2163 1418 359
2185 1391 2215 1419 r.
2233 1404 2284 1407 —
2301 1384 2379 1419 294
2399 1393 2434 1421 v.

415 1444 659 1484 Barherinus
680 1444 730 1484 ΙΙ,
760 1441 817 1485 73,
847 1443 1080 1480 chartaceus
1101 1442 1141 1479 in
1160 1442 1266 1491 folio,
1290 1442 1355 1480 fol.
1381 1446 1398 1480 1
1422 1454 1453 1481 r.
1470 1466 1519 1468 -κ
1540 1446 1589 1481 38
1612 1455 1645 1482 v.
1694 1443 1867 1492 Eunapii
1889 1445 2004 1486 vitas.
2024 1444 2089 1483 fol.
2111 1449 2158 1483 41
2183 1457 2214 1484 r.
2303 1450 2377 1485 112
2399 1459 2433 1486 v.

220 1509 430 1559 Porphyrii
459 1521 581 1558 opera
610 1509 684 1547 duo
713 1507 928 1546 continens.
984 1506 1030 1545 In
1060 1505 1137 1545 fine
1165 1505 1251 1546 folii
1283 1510 1358 1546 112
1388 1519 1423 1546 v.
1452 1507 1618 1556 legitur:

463 1567 635 1625 ἀδελφὸς
669 1567 917 1625 οὐαλεριανὸς
951 1568 1210 1627 φορολιβισὲσ
1250 1568 1295 1621 121
1338 1565 1544 1621 ὁᾰλβίνου
1575 1566 1726 1623 ταύτην
1762 1569 1902 1622 βίβλον
1945 1569 1985 1612 ἐν
2014 1573 2071 1625 τῷ
2090 1572 2340 1628 μοναστηρίῳ
2364 1575 2436 1615 τοῦ

462 1633 575 1685 ἁγίου
603 1631 792 1671 ἅντωνίου
816 1632 983 1670 ἐνέτεσιν
1012 1629 1161 1684 ἔγραψε
1184 1630 1263 1670 ε”τει
1288 1633 1359 1670 τοῦ
1384 1631 1522 1685 κυρίου
1538 1630 1645 1684 ἡμῶν
1672 1630 1788 1686 ‹imi-3
1811 1634 1965 1681 (1539).

413 1697 659 1743 Borbonicus
688 1695 746 1735 ῙΙῙ
778 1695 820 1735 1).
851 1693 887 1736 8.
926 1696 1160 1735 chartaceus
1189 1695 1229 1734 in
1258 1694 1351 1735 folio
1390 1696 1537 1736 saeculi
1566 1695 1674 1745 XVI,
1703 1709 1780 1736 non
1809 1696 1916 1738 XIV.
1946 1704 1986 1737 ut
2017 1699 2219 1739 Avellinio
2258 1704 2361 1740 teste
2392 1701 2433 1740 in

218 1761 465 1811 praefatione
493 1763 587 1803 edit.
618 1762 781 1801 Amstel.
812 1774 846 1810 p.
876 1760 937 1799 IX
967 1760 1208 1799 Boissonade
1238 1760 1421 1811 affirmat,
1451 1761 1511 1800 cui
1541 1761 1604 1799 hic
1635 1761 1758 1801 codex
1788 1762 2075 1812 Neapolitanus
2105 1764 2249 1803 tertius
2278 1770 2349 1804 est.

411 1827 656 1866 Borbonicus
686 1826 742 1864 ΠΙ
773 1826 814 1864 Β.
844 1824 906 1873 32,
936 1826 1170 1864 chartaceus
1200 1826 1241 1863 in
1270 1830 1408 1864 octavo
1438 1826 1585 1864 saeculi
1614 1826 1690 1863 XV
1720 1827 1784 1865 vel
1815 1827 1920 1865 XVI.

410 1878 664 1931 Ambrosiani
695 1891 730 1930 C.
762 1888 831 1929 120
862 1901 947 1942 sup.
969 1894 1008 1929 ct
1041 1890 1084 1929 Ι).
1114 1887 1190 1929 278
1220 1890 1304 1935 inf„
1333 1895 1498 1939 uterque
1528 1890 1763 1930 chartaceus
1792 1892 1939 1931 saeculi
1970 1892 2044 1931 XV
2076 1894 2139 1932 vel
2168 1893 2275 1933 XVI.

402 1955 637 1999 ,Mar—cianus
666 1952 747 2001 518,
778 1955 998 2003 Eunapium
1029 1954 1205 1993 continet
1233 1954 1298 1993 fol.
1329 1959 1378 1993 82
1408 1967 1439 1993 r.
1456 1977 1507 1981 —-
1526 1959 1575 1993 96
1606 1967 1640 1994 v.
1698 1955 1838 1994 Ultimi
1868 1969 2006 1996 versus
2035 1957 2119 1996 folii
2150 1962 2200 1996 86
2227 1970 2258 1997 r.
2289 1959 2430 2008 quique

216 2019 256 2058 in
286 2032 320 2069 p.
352 2015 401 2058 96
430 2032 465 2060 v.
495 2021 682 2069 leguntur
711 2020 760 2058 ah
790 2019 872 2058 alia
901 2031 1017 2057 manu
1046 2031 1169 2067 eaque
1200 2019 1326 2058 minus
1356 2019 1540 2068 diligenti
1570 2019 1741 2068 appositi
1771 2025 1871 2059 sunt.
1930 2021 2042 2060 Hunc
2073 2022 2247 2062 codicem
2275 2036 2300 2063 a
2329 2023 2431 2063 Lau-

215 2084 397 2123 rentiano
426 2085 668 2135 descriptum
698 2097 783 2124 esso
813 2084 915 2123 vidit
935 2085 1019 2123 Jac.
1041 2085 1258 2133 Morellius,
1287 2084 1472 2134 codicum,
1500 2089 1544 2122 ut
1572 2085 1660 2133 plus
1680 2085 1801 2124 semel
1822 2087 1999 2134 cognovi.
2029 2087 2148 2126 iudex
2167 2088 2428 2128 acutissimus.

410 2149 616 2190 Parisinus
647 2146 742 2188 1-105
773 2148 881 2198 (olim
909 2148 1295 2199 Fonteblandensis),
1324 2150 1557 2188 chartaceus
1586 2149 1735 2188 saeculi
1763 2149 1870 2189 XVI.

409 2213 702 2254 Laurentianus
734 2214 795 2253 86.
826 2211 856 2253 7.
888 2215 1209 2253 membranaceus
1238 2215 1278 2251 in
1307 2219 1449 2262 quarto
1478 2214 1624 2252 saeculi
1654 2214 1787 2262 XIIII,
1817 2216 1881 2262 qui
1912 2223 1998 2264 post
2015 2217 2175 2255 Aeliani
2206 2218 2255 2257 de
2285 2224 2426 2258 natura

214 2277 440 2317 animalium
470 2279 613 2319 librum
644 2281 693 2318 ab
723 2279 804 2318 alia
833 2291 949 2317 manu
978 2278 1241 2327 conscriptum
1276 2277 1447 2327 Eunapii
1477 2278 1583 2317 vitas
1611 2279 1787 2318 continet
1818 2279 1881 2318 fol.
1913 2284 1991 2319 218
2021 2293 2052 2320 r.
2070 2285 2216 2320 κ·-256
2246 2295 2278 2322 r.

407 2344 489 2383 Hos
519 2356 652 2384 omnes
683 2356 732 2384 ex
760 2355 836 2383 uno
876 2345 977 2382 libro
1017 2355 1138 2392 coque
1182 2343 1320 2382 mutilo
1358 2354 1444 2382 esse
1489 2343 1692 2383 derivatos
1721 2344 1797 2384 fine
1837 2346 1969 2394 operis
1999 2346 2148 2386 eisdem
2177 2347 2218 2386 in
2247 2349 2424 2388 omnibus

211 2406 362 2467 lacunis
400 2410 595 2448 maculato
639 2409 944 2448 demonstratur.
1002 2407 1124 2458 Quem
1159 2409 1302 2447 librum
1331 2419 1417 2447 esse
1455 2407 1627 2447 codicem
1663 2408 1974 2449 Laurentianum
2003 2414 2067 2461 86,
2100 2415 2119 2449 7
2151 2413 2333 2463 cognovi,
2361 2414 2426 2452 ubi

210 2469 343 2510 folium
372 2472 456 2511 eius
486 2477 575 2523 256,
613 2474 792 2512 ultimum
831 2473 1025 2522 quondam
1069 2473 1226 2523 codicis,
1264 2473 1420 2511 contuli.
1478 2473 1514 2510 A
1541 2473 1663 2511 tineis
1701 2475 1805 2512 enim
1844 2486 1931 2513 cum
1960 2476 2141 2524 partibus
2170 2476 2255 2516 folii
2282 2478 2422 2518 literas

210 2535 418 2574 nonnullas
446 2536 487 2575 in
516 2537 566 2576 iis
595 2538 840 2587 perscriptas
870 2537 1044 2576 rodendo
1074 2537 1313 2587 absumptas,
1342 2536 1502 2575 madore
1537 2536 1638 2575 alias
1669 2537 1822 2577 deletas
1852 2551 1939 2578 esse
1978 2539 2073 2585 vidi,
2101 2545 2144 2579 ut
2173 2541 2269 2581 haec
2307 2540 2422 2581 hodie

209 2603 378 2638 restent:

289 2734 323 2787 *)
351 2736 549 2778 Insertum
593 2745 682 2780 erat
711 2741 783 2780 hoc
826 2739 1186 2779 coimnentariolum
1231 2738 1436 2789 epistulae,
1475 2750 1590 2787 quam
1619 2739 1671 2778 ad
1700 2739 1940 2781 Ludovicum
1971 2742 2195 2789 Hoclscher‚
2225 2742 2423 2791 gymnasii

467 2803 766 2846 Herfordiensis
809 2809 1078 2855 proi-ectorem
1110 2808 1150 2844 et
1192 2802 1465 2855 professorem,
1507 2804 1782 2855 philosophiae
1827 2806 2026 2847 doctorem
2070 2806 2423 2856 semisaecularem,

467 2869 660 2909 miserunt
688 2870 884 2921 gymnasii
914 2868 1213 2919 Lemgoviensis
1241 2868 1431 2917 collegae.
