2713 3432
1296 44 1539 80 *4-

535 153 749 195 ἐκέλευσεν.
787 152 879 195 οὐδὲ
912 155 985 209 γάρ
1011 153 1179 207 ἄπειρος
1214 150 1257 204 ἦν
1283 153 1459 208 ἰατρικῆς
1487 150 1509 193 ὁ
1534 156 1657 194 ταῦτα
1683 183 1914 195 .......
1942 154 2238 209 Ἑλλησπόντιος
2276 158 2320 197 δὲ
2351 154 2521 204 α’κοὺσας

535 218 663 271 παρῆν
690 213 915 269 ἀγανακτῶν
941 217 1008 257 καὶ
1033 211 1184 256 ποτνιώ
1209 247 1216 255 .
1245 246 1254 256 .
1285 245 1294 254 .
1325 247 1333 255 .
1359 213 1414 263 οἷς
1440 211 1610 267 μεγάλου
1633 218 1756 256 κακοῦ
1780 215 1982 270 γεγονότος
2008 219 2089 259 κτλ.
2124 242 2169 248 -
2200 242 2245 248 -
2291 241 2331 247 —-
2387 242 2420 247 -
2472 241 2517 247 —

530 275 571 320 Ὁ
596 279 641 319 δὲ
667 275 927 334 Χρυσάνθιος
953 277 1012 327 εἷς
1036 276 1103 331 τὴν
1126 277 1317 319 ἐπιοῦσαν
1344 276 1446 333 ὥραν
1472 278 1545 318 τοῦ
1570 274 1673 319 &zoa
1701 277 1801 320 κατα
1828 279 1953 335 θέρος
1980 278 2188 333 ἱστάμενον
2215 281 2285 323 ἐπὶ
2311 279 2378 333 τῆν
2403 277 2519 334 αὐτὴν

535 341 761 396 θεραπείαν
787 339 919 382 ἐλθών
946 341 1012 381 καί
1038 357 1061 380 τ
1063 356 1101 380 οι
1126 342 1198 380 τοῦ
1223 340 1479 395 συγγραφέως
1505 353 1657 393 προειπ
1682 370 1690 380 .
1720 370 1727 377 .
1755 357 1827 389 τος
1857 346 1944 390 τοῖς
1970 342 2124 396 ἰατροῖς
2150 342 2372 396 περιμένειν
2403 339 2518 381 αὐτὸν

539 403 639 445 κατά
662 434 670 443 .
696 433 705 443 .
732 433 740 443 ,
769 400 923 456 ὐνηθες.
950 402 990 443 οἱ
1015 419 1046 454 μ
1073 432 1081 441 .
1113 432 1122 441 .
1147 399 1333 457 ἔφθασαν
1355 398 1551 449 ἐλθόντες,
1582 399 1604 442 ὁ
1631 401 1675 442 δὲ
1704 398 1851 454 ὑπέσχε
1877 402 1944 457 τήν
1970 408 2095 459 χεῖρα.
2125 405 2191 446 καὶ
2218 421 2251 446 π
2274 437 2284 446 .
2302 436 2311 445 .
2328 436 2336 445 .
2364 420 2488 458 μετρ.
2510 437 2516 443 .

534 466 740 519 γενομένης
765 467 834 519 τῆς
844 462 1057 513 κενώσεως,
1085 464 1275 518 παρέσεις
1286 478 1331 504 τε
1353 465 1430 504 τῶν
1452 466 1581 519 μερῶν
1609 497 1617 506 .
1648 495 1655 503 .
1686 495 1693 505 .
1723 462 1927 519 λούθησαν
1951 468 2017 507 καὶ
2044 466 2095 508 τά
2121 465 2255 522 ἄρθρα
2283 467 2516 518 συνέκαμνεν

534 528 600 568 καὶ
627 527 860 580 κλινοπετής
895 523 939 579 ἦν
963 558 970 565 .
999 560 1007 567 .
1038 558 1047 566 .
1077 556 1084 564 .
1111 523 1333 580 Ὀριβάσιος
1367 525 1540 566 ἐνταῦθα
1577 526 1834 579 παραγίνεται
1875 526 1926 568 δι’
1952 528 2108 572 ἐκεῖνον,
2137 527 2230 570 καθ’
2269 527 2442 583 ὑπερβολ
2467 558 2474 565 .
2507 561 2513 566 .

533 589 606 641 μὲν
631 588 845 641 ἐπιστίμης
860 589 1003 643 μικροῦ
1030 588 1095 629 καὶ
1114 584 1356 639 βιασάμενος
1381 587 1448 640 τήν
1475 585 1596 642 φύσιν
1624 620 1632 628 .
1665 619 1671 626 .
1699 619 1706 626 .
1733 602 1878 639 σμασιν
1896 590 2160 646 θερμοτέροις
2179 592 2243 632 καὶ
2270 588 2511 642 μαλάττουσι

534 651 584 692 τά
607 650 885 705 κατεψυγμὲνα
926 652 1049 704 .ικροῦ
1072 651 1174 704 πρὸς
1199 649 1246 690 τὸ
1271 647 1420 699 νεάζειν
1447 649 1635 703 ἐπήγαγεν
1663 651 1745 690 κτλ.

486 716 651 755 Literae
695 715 874 765 omissae,
915 727 1011 764 quas
1049 714 1226 754 rodendo
1256 717 1325 753 aut
1366 714 1525 753 madore
1565 719 1816 763 consumpta-s
1855 727 1941 754 esse
1981 716 2076 765 dixi,
2109 718 2145 756 in
2186 718 2332 757 ceteris
2362 728 2511 765 quoque

286 780 403 820 libris
430 780 489 820 ita
518 792 653 821 omnes
695 780 781 820 fere
820 780 974 830 desunt,
1013 784 1056 819 ut
1084 791 1221 819 earum
1259 779 1345 818 loco
1383 779 1553 829 spatium
1591 790 1757 819 vacuum
1786 793 1810 819 a.
1839 781 1982 820 scribis
2012 782 2062 820 sit
2103 783 2296 822 relictum.
2353 782 2437 832 Qua
2468 793 2511 820 re

284 846 390 885 satis
426 857 622 895 superque
652 869 705 872 —
734 845 776 884 id
816 845 919 893 quod
956 845 1199 884 Boissonade
1240 845 1406 894 negavit
1435 867 1487 870 ἢ
1518 845 1832 884 Laurentianum
1862 846 2104 894 reliquorum
2133 860 2219 887 esse
2259 849 2515 897 archetypum

286 909 451 951 videtur
478 910 652 960 probari.

483 977 668 1015 Ceterum
697 988 746 1015 ne
788 976 905 1013 nimis
944 987 1089 1024 magna
1118 975 1169 1014 ad
1201 976 1373 1024 Eunapii
1403 977 1527 1014 verba
1566 975 1812 1014 emendanda
1844 988 1893 1013 ex
1924 977 1994 1014 hoc
2024 978 2265 1026 reliquorum
2299 979 2516 1028 archetypo

286 1040 464 1081 subsidia.
491 1044 710 1089 exspectes,
749 1053 857 1080 cave.
916 1040 1086 1079 Erravit
1123 1040 1227 1079 enim
1258 1040 1385 1079 Lucas
1430 1040 1670 1086 Holstenius,
1709 1040 1774 1087 qui
1804 1041 2009 1088 antiquum
2039 1046 2077 1080 et
2116 1047 2386 1091 praestantem
2415 1044 2514 1081 hum·

285 1105 430 1146 librum
459 1105 695 1155 appellavit,
724 1105 879 1145 erravit
908 1105 1093 1154 Bandini,
1122 1105 1187 1154 qui
1215 1104 1374 1145 saeculo
1394 1104 1474 1143 XII
1495 1116 1581 1144 eum
1611 1116 1698 1144 esse
1718 1105 1909 1154 scriptum
1938 1111 2089 1146 narrat.
2138 1108 2271 1155 Neque
2300 1108 2403 1146 enim
2423 1112 2515 1146 ante

288 1172 491 1212 saeculum
519 1170 617 1210 XIV
648 1170 873 1221 descriptus
902 1176 964 1211 est
993 1175 1033 1211 et
1063 1172 1112 1210 ab
1141 1171 1297 1210 homine
1328 1170 1487 1209 minime
1517 1170 1703 1219 diligenti
1733 1175 1771 1210 et
1803 1183 1852 1210 ex
1887 1173 2116 1220 archetypo,
2154 1173 2219 1219 qui
2257 1184 2333 1211 non
2371 1173 2514 1221 optime

285 1235 445 1276 habitus
472 1235 594 1275 fuisse
624 1234 796 1276 videtur.
846 1235 1004 1275 Nullam
1034 1240 1165 1275 autem
1195 1235 1352 1274 omnino
1373 1235 1588 1275 utilitatem
1618 1247 1667 1275 ex
1697 1247 1742 1275 eo
1773 1236 1862 1286 capi
1893 1248 2006 1286 posse
2036 1237 2192 1286 nequis
2221 1237 2370 1283 credat,
2401 1242 2510 1277 ante-

283 1314 403 1351 quam
431 1302 546 1341 huius
576 1302 938 1351 disputatiunculae
968 1302 1083 1340 finem
1114 1300 1268 1342 faciam.
1298 1302 1422 1339 locum
1453 1301 1603 1340 addere
1635 1302 1766 1349 liceat,
1796 1313 1870 1349 quo
1891 1306 1931 1341 et
1952 1302 2053 1350 quod
2083 1313 2203 1352 supra
2233 1303 2511 1343 demonstravi.

285 1379 364 1406 non
393 1366 651 1406 mediocriter
679 1366 833 1405 firmari
862 1366 1034 1415 videtur,
1063 1370 1104 1405 et
1133 1370 1278 1409 textus,
1307 1366 1436 1413 qualis
1465 1379 1489 1404 a
1518 1367 1617 1404 viris
1648 1366 1774 1404 doctis·
1805 1372 1867 1404 est
1897 1367 2038 1411 editus,
2069 1367 2312 1405 emendatur.

483 1432 579 1471 Cum
607 1431 781 1470 maxima
809 1431 914 1470 enim
944 1443 993 1470 ex
1022 1436 1137 1480 parte
1168 1431 1292 1470 codex
1324 1431 1469 1480 optime
1500 1432 1552 1469 sit
1582 1436 1777 1479 servatus,
1808 1431 1941 1470 nescio
1976 1443 2049 1479 quo
2079 1436 2257 1481 tempore
2293 1433 2443 1475 incidit,
2473 1438 2513 1471 ut

287 1496 474 1548 superior
529 1496 775 1546 potissimum
804 1508 899 1546 pars
928 1496 1109 1535 soliorum
1130 1500 1285 1535 tantum
1314 1507 1391 1535 non
1421 1496 1590 1535 omnium
1625 1496 1787 1536 humore
1818 1497 1873 1536 ita
1905 1497 2145 1538 inficeretur.
2175 1501 2216 1535 ut
2238 1497 2354 1547 primi
2376 1509 2513 1537 versus

290 1561 475 1601 foliorum
502 1565 705 1601 rect-orum
734 1562 882 1601 literae
911 1561 1086 1609 ultimae,
1116 1572 1322 1600 versorum
1353 1561 1504 1609 primae
1534 1573 1659 1609 paene
1691 1561 1849 1601 deletae
1892 1562 1972 1600 sint-
2002 1573 2074 1600 nec
2104 1562 2209 1600 lectu
2247 1562 2394 1601 faciles.
2454 1563 2515 1601 Ita

291 1630 457 1677 praeter
485 1629 644 1665 ceteras
673 1638 743 1665 sex
773 1626 996 1674 quinqueve
1035 1626 1180 1664 literae
1211 1625 1251 1663 in
1279 1625 1365 1664 folii
1396 1630 1472 1663 ‘232
1504 1638 1534 1664 r.
1565 1637 1704 1664 versus
1734 1627 1852 1675 primi
1891 1627 1968 1666 fine
2008 1627 2159 1675 positae
2201 1627 2268 1665 vix
2296 1639 2341 1665 ac
2371 1639 2419 1666 ne
2450 1628 2517 1666 vix

289 1691 448 1742 quidem
467 1690 646 1742 dignosci
676 1703 792 1741 posse
812 1690 1011 1731 videntur.
1069 1690 1209 1739 Itaque
1229 1689 1378 1729 factum
1399 1695 1470 1739 est,
1499 1695 1540 1730 ut
1562 1691 1793 1739 quicumque
1815 1692 1916 1731 hunc
1936 1691 2110 1730 codicem
2132 1695 2197 1731 aut
2219 1691 2517 1742 descripserunt

284 1760 359 1797 aut
385 1757 650 1804 contulerunt,
679 1756 752 1795 has
782 1756 925 1795 literas
955 1756 1034 1805 legi
1066 1768 1179 1805 posse
1210 1756 1471 1804 desperantes
1500 1759 1652 1795 textum
1683 1756 1740 1795 ita
1770 1757 1936 1796 ederent
1977 1757 2202 1795 lacunosum
2233 1756 2423 1807 (Boisson.
2455 1758 2513 1796 ed.

284 1823 451 1864 Amstel.
480 1835 515 1874 p.
546 1824 611 1871 45,
640 1820 699 1861 ed.
730 1820 848 1861 Paris
879 1821 1037 1872 472,43):

530 1882 664 1926 Ὀστέα
685 1882 759 1937 γάρ
786 1885 853 1924 καὶ
877 1883 1054 1940 κεφαλάς
1080 1886 1157 1924 τῶν
1183 1883 1251 1924 ἐπὶ
1268 1884 1435 1932 πολλοῖς
1461 1881 1732 1940 ἁμαρτήμασιν
1758 1882 1986 1925 ἑαλωκότων
2013 1883 2363 1939 συναλίζοντεςωρ
2386 1900 2515 1928 mon-d-

532 1953 617 1992 chis
636 1952 839 2003 loquitur),
869 1947 937 1998 οὓς
960 1949 1007 1991 τὸ
1034 1949 1238 1991 πολιτικὸν
1264 1947 1425 1999 ἐκόλαζε
1447 1947 1696 2006 δικαστήριον
1725 1952 1882 2003 (incipit
1898 1952 1962 1991 fol.
1981 1956 2058 1991 2232
2076 1952 2122 2001 r.)
2153 1948 2274 1998 θεοὺς
2293 1967 2336 1991 τε
2353 1949 2515 1992 ἀποδεί-

533 2028 676 2055 κνυσαν
703 2015 770 2055 καὶ
797 2016 1175 2070 προςεκαλινδοῦντο
1203 2019 1291 2062 τοῖς
1317 2046 1477 2056 .....
1507 2017 1571 2055 καὶ
1601 2015 1805 2070 κρείττους
1831 2012 2107 2064 ὑπελάμβανον
2134 2011 2232 2055 εἶναι
2257 2015 2516 2067 μολυνόμενοι

533 2076 636 2131 πρὸς
662 2081 748 2125 τοῖς
771 2074 926 2131 τάφοις.

482 2140 764 2181 Percommode
793 2144 925 2181 autem
956 2141 1183 2181 accuratius
1213 2142 1421 2190 quaerenti
1452 2141 1610 2190 accidit,
1640 2141 1742 2190 quod
1771 2139 1988 2197 atramenti
2018 2139 2239 2188 particulae
2266 2140 2427 2179 humore
2457 2153 2515 2180 so-

284 2209 393 2249 lutae
423 2207 482 2247 ita
510 2206 551 2246 in
580 2205 768 2256 paginam
799 2206 1020 2257 oppositam
1050 2207 1274 2247 translatae
1304 2210 1405 2254 sunt,
1434 2210 1477 2246 ut
1506 2207 1709 2256 aliquanto
1739 2205 1794 2245 ibi
1824 2204 1972 2245 clarius
2008 2207 2126 2252 atque
2166 2204 2292 2255 magis
2331 2216 2445 2254 quam
2476 2206 2514 2245 in

283 2273 457 2323 pristina
484 2272 580 2311 sede
608 2272 817 2320 perspicue
846 2272 1057 2310 literarum
1086 2273 1261 2321 vestigia
1280 2276 1511 2320 apparea-nt.
1557 2272 1682 2319 (Idem
1712 2276 1753 2310 et
1782 2271 1823 2308 in
1843 2271 1916 2308 hoc
1945 2269 2079 2307 codice
2099 2270 2256 2317 saepius
2286 2273 2324 2307 et
2356 2270 2395 2307 in
2424 2270 2514 2308 aliis

283 2338 431 2377 factum
460 2348 548 2376 esse
576 2336 673 2384 vidi,
702 2335 772 2375 cfr.
803 2348 907 2385 quae
936 2337 985 2376 de
1015 2336 1149 2376 codice
1179 2336 1367 2385 philolog.
1396 2348 1527 2385 graec.
1558 2336 1775 2374 Vindobon.
1808 2337 1886 2373 314
1908 2333 2050 2382 scripsi
2081 2333 2121 2371 in
2142 2333 2274 2372 Herm.
2296 2334 2370 2373 vol.
2393 2326 2513 2373 XIV.)

285 2402 505 2451 Utramque
534 2401 660 2453 igitur
688 2401 879 2452 paginam
908 2401 1054 2441 iterum
1084 2406 1202 2451 atque
1232 2401 1377 2442 iterum
1407 2400 1713 2452 diligentissime
1743 2401 2019 2451 perscrutatus
2039 2400 2151 2437 certa
2171 2396 2325 2438 demum
2345 2399 2516 2450 vestigia

285 2467 495 2507 literarum
525 2494 532 2502 .
552 2478 665 2513 ς.οις
693 2467 905 2517 collegisse
926 2466 1021 2505 mihi
1042 2468 1151 2506 visus
1171 2479 1266 2515 sum,
1286 2466 1424 2514 quibus
1445 2467 1544 2505 satis
1572 2467 1658 2510 τοῖς
1685 2460 1855 2511 ὀστέοις,
1887 2475 1963 2502 non
1992 2458 2196 2512 μνήμασιν,
2226 2463 2327 2511 quod
2347 2463 2515 2502 coniecit

283 2531 540 2579 Boissonade,
568 2532 792 2582 Eunapium
822 2533 1011 2582 scripisse
1041 2533 1244 2582 probatur.
